
   <record>
      <leader>00000nz  a2200000nc 4500</leader>
      <controlfield tag="001">institutions/51003339</controlfield>
      <controlfield tag="003">DE-633</controlfield>
      <controlfield tag="005">20250620052250.0</controlfield>
      <controlfield tag="008">190930||||z|||a|||||||||||||||||n||||||d</controlfield>
      <datafield tag="024" ind1="7" ind2=" ">
         <subfield code="a">158909256</subfield>
         <subfield code="2">VIAF</subfield>
      </datafield>
      <datafield tag="024" ind1="7" ind2=" ">
         <subfield code="a">Q782783</subfield>
         <subfield code="2">WKP</subfield>
      </datafield>
      <datafield tag="024" ind1="7" ind2=" ">
         <subfield code="a">AUS-CAMawm</subfield>
         <subfield code="q">siglum</subfield>
         <subfield code="2">rism</subfield>
      </datafield>
      <datafield tag="034" ind1="1" ind2=" ">
         <subfield code="d">149.148417</subfield>
         <subfield code="f">-35.281089</subfield>
      </datafield>
      <datafield tag="040" ind1=" " ind2=" ">
         <subfield code="a">DE-633</subfield>
         <subfield code="c">DE-633</subfield>
         <subfield code="e">rismg</subfield>
      </datafield>
      <datafield tag="043" ind1=" " ind2=" ">
         <subfield code="c">XE-AU</subfield>
      </datafield>
      <datafield tag="110" ind1="1" ind2=" ">
         <subfield code="a">Australian War Memorial</subfield>
         <subfield code="c">Campbell</subfield>
         <subfield code="g">AUS-CAMawm</subfield>
      </datafield>
      <datafield tag="368" ind1=" " ind2=" ">
         <subfield code="a">Institution</subfield>
         <subfield code="a">Library</subfield>
         <subfield code="a">Other</subfield>
      </datafield>
      <datafield tag="371" ind1=" " ind2=" ">
         <subfield code="a">Treloar Crescent</subfield>
         <subfield code="b">Campbell ACT 2612</subfield>
         <subfield code="c">Australian Capital Territory</subfield>
         <subfield code="d">Australia</subfield>
         <subfield code="u">https://www.awm.gov.au/</subfield>
      </datafield>
      <datafield tag="551" ind1="1" ind2=" ">
         <subfield code="a">Campbell</subfield>
         <subfield code="0">places/4000161</subfield>
      </datafield>
      <datafield tag="680" ind1="1" ind2=" ">
         <subfield code="a">Musical material is distributed among individual holdings./ Musikalien sind über einzelne Bestände verteilt.</subfield>
      </datafield>
   </record>