
   <record>
      <leader>00000nz  a2200000nc 4500</leader>
      <controlfield tag="001">institutions/30078560</controlfield>
      <controlfield tag="003">DE-633</controlfield>
      <controlfield tag="005">20250620052119.0</controlfield>
      <controlfield tag="008">161109||||z|||a|||||||||||||||||n||||||d</controlfield>
      <datafield tag="024" ind1="7" ind2=" ">
         <subfield code="a">AUS-Mlpml</subfield>
         <subfield code="q">siglum</subfield>
         <subfield code="2">rism</subfield>
      </datafield>
      <datafield tag="034" ind1="1" ind2=" ">
         <subfield code="d">144.9702384285206</subfield>
         <subfield code="f">-37.82471250514027</subfield>
      </datafield>
      <datafield tag="040" ind1=" " ind2=" ">
         <subfield code="a">DE-633</subfield>
         <subfield code="c">DE-633</subfield>
         <subfield code="e">rismg</subfield>
      </datafield>
      <datafield tag="043" ind1=" " ind2=" ">
         <subfield code="c">XE-AU</subfield>
      </datafield>
      <datafield tag="110" ind1="1" ind2=" ">
         <subfield code="a">University of Melbourne Library - Lenton Parr Music, Visual and Performing Arts Library</subfield>
         <subfield code="c">Melbourne-Southbank</subfield>
         <subfield code="g">AUS-Mlpml</subfield>
      </datafield>
      <datafield tag="368" ind1=" " ind2=" ">
         <subfield code="a">Institution</subfield>
         <subfield code="a">Library</subfield>
      </datafield>
      <datafield tag="371" ind1=" " ind2=" ">
         <subfield code="a">234 St Kilda Road</subfield>
         <subfield code="b">Melbourne-Southbank VIC 3006</subfield>
         <subfield code="c">Victoria</subfield>
         <subfield code="d">Australia</subfield>
         <subfield code="m">southbank-library@lists.unimelb.edu.au</subfield>
         <subfield code="u">http://www.library.unimelb.edu.au/libraries/lenton_parr</subfield>
         <subfield code="z">tel: +61 / 390359056</subfield>
      </datafield>
      <datafield tag="510" ind1="2" ind2=" ">
         <subfield code="a">Southbank Library</subfield>
         <subfield code="w">t</subfield>
      </datafield>
      <datafield tag="551" ind1="1" ind2=" ">
         <subfield code="a">Melbourne</subfield>
         <subfield code="0">places/3902287</subfield>
      </datafield>
      <datafield tag="678" ind1="1" ind2=" ">
         <subfield code="a">In 2019 the Lenton Parr Music, Visual and Performing Arts Library moved to the Southbank Library building.</subfield>
      </datafield>
   </record>