
   <record>
      <leader>00000nz  a2200000nc 4500</leader>
      <controlfield tag="001">institutions/30078208</controlfield>
      <controlfield tag="003">DE-633</controlfield>
      <controlfield tag="005">20250620052118.0</controlfield>
      <controlfield tag="008">161109||||z|||a|||||||||||||||||n||||||d</controlfield>
      <datafield tag="024" ind1="7" ind2=" ">
         <subfield code="a">AUS-Mml</subfield>
         <subfield code="q">siglum</subfield>
         <subfield code="2">rism</subfield>
      </datafield>
      <datafield tag="034" ind1="1" ind2=" ">
         <subfield code="d">144.9702384285206</subfield>
         <subfield code="f">-37.824695555925516</subfield>
      </datafield>
      <datafield tag="040" ind1=" " ind2=" ">
         <subfield code="a">DE-633</subfield>
         <subfield code="c">DE-633</subfield>
         <subfield code="e">rismg</subfield>
      </datafield>
      <datafield tag="043" ind1=" " ind2=" ">
         <subfield code="c">XE-AU</subfield>
      </datafield>
      <datafield tag="110" ind1="1" ind2=" ">
         <subfield code="a">University of Melbourne Library - Louise Hanson-Dyer Music Library</subfield>
         <subfield code="c">Melbourne-Southbank</subfield>
         <subfield code="g">AUS-Mml</subfield>
      </datafield>
      <datafield tag="368" ind1=" " ind2=" ">
         <subfield code="a">Institution</subfield>
         <subfield code="a">Library</subfield>
      </datafield>
      <datafield tag="371" ind1=" " ind2=" ">
         <subfield code="a">234 St Kilda Rd</subfield>
         <subfield code="b">Melbourne-Southbank VIC 3006</subfield>
         <subfield code="c">Victoria</subfield>
         <subfield code="d">Australia</subfield>
         <subfield code="m">southbank-library@lists.unimelb.edu.au</subfield>
         <subfield code="u">https://library.unimelb.edu.au/southbank-library</subfield>
         <subfield code="z">tel: +61 / 390359052</subfield>
      </datafield>
      <datafield tag="510" ind1="2" ind2=" ">
         <subfield code="a">Southbank Library</subfield>
         <subfield code="w">t</subfield>
      </datafield>
      <datafield tag="551" ind1="1" ind2=" ">
         <subfield code="a">Melbourne-Southbank</subfield>
         <subfield code="0">places/50019230</subfield>
      </datafield>
      <datafield tag="667" ind1=" " ind2=" ">
         <subfield code="a">Published sources: 134</subfield>
      </datafield>
      <datafield tag="678" ind1="1" ind2=" ">
         <subfield code="a">In 2019 the Louise Hanson-Dyer Music Library moved to the Southbank Library building.</subfield>
      </datafield>
   </record>