
   <record>
      <leader>00000nz  a2200000nc 4500</leader>
      <controlfield tag="001">institutions/30000422</controlfield>
      <controlfield tag="003">DE-633</controlfield>
      <controlfield tag="005">20250620051955.0</controlfield>
      <controlfield tag="008">161109||||z|||a|||||||||||||||||n||||||d</controlfield>
      <datafield tag="024" ind1="7" ind2=" ">
         <subfield code="a">AUS-Scm</subfield>
         <subfield code="q">siglum</subfield>
         <subfield code="2">rism</subfield>
      </datafield>
      <datafield tag="034" ind1="1" ind2=" ">
         <subfield code="d">151.21438316813266</subfield>
         <subfield code="f">-33.86352556435064</subfield>
      </datafield>
      <datafield tag="040" ind1=" " ind2=" ">
         <subfield code="a">DE-633</subfield>
         <subfield code="c">DE-633</subfield>
         <subfield code="e">rismg</subfield>
      </datafield>
      <datafield tag="043" ind1=" " ind2=" ">
         <subfield code="c">XE-AU</subfield>
      </datafield>
      <datafield tag="110" ind1="1" ind2=" ">
         <subfield code="a">Sydney Conservatorium of Music, Library - University of Sydney</subfield>
         <subfield code="c">Sydney</subfield>
         <subfield code="g">AUS-Scm</subfield>
      </datafield>
      <datafield tag="368" ind1=" " ind2=" ">
         <subfield code="a">Institution</subfield>
         <subfield code="a">Library</subfield>
      </datafield>
      <datafield tag="371" ind1=" " ind2=" ">
         <subfield code="a">1 Conservatorium Rd</subfield>
         <subfield code="b">Sydney NSW</subfield>
         <subfield code="c">New South Wales</subfield>
         <subfield code="d">Australia</subfield>
         <subfield code="e">2000</subfield>
         <subfield code="u">http://www.library.usyd.edu.au/libraries/conservatorium/</subfield>
         <subfield code="z">tel: +61 / 293511316</subfield>
      </datafield>
      <datafield tag="410" ind1=" " ind2=" ">
         <subfield code="a">New South Wales State Conservatorium of Music</subfield>
      </datafield>
      <datafield tag="551" ind1="1" ind2=" ">
         <subfield code="a">Sydney</subfield>
         <subfield code="0">places/3900946</subfield>
      </datafield>
      <datafield tag="667" ind1=" " ind2=" ">
         <subfield code="a">Published sources: 119</subfield>
      </datafield>
      <datafield tag="680" ind1="1" ind2=" ">
         <subfield code="a">The Rare Music Collection from AUS-Scm is integrated with the main library Rare Books and Special Collection in Fisher Library (AUS-Sfl).</subfield>
      </datafield>
      <datafield tag="710" ind1="1" ind2=" ">
         <subfield code="a">Fisher Library, University of Sydney</subfield>
         <subfield code="0">institutions/30000423</subfield>
      </datafield>
   </record>