
   <record>
      <leader>00000nz  a2200000nc 4500</leader>
      <controlfield tag="001">institutions/51002806</controlfield>
      <controlfield tag="003">DE-633</controlfield>
      <controlfield tag="005">20250620052247.0</controlfield>
      <controlfield tag="008">190315||||z|||a|||||||||||||||||n||||||d</controlfield>
      <datafield tag="024" ind1="7" ind2=" ">
         <subfield code="a">AUS-Scsl</subfield>
         <subfield code="q">siglum</subfield>
         <subfield code="2">rism</subfield>
      </datafield>
      <datafield tag="034" ind1="1" ind2=" ">
         <subfield code="d">151.212743</subfield>
         <subfield code="f">-33.868958</subfield>
      </datafield>
      <datafield tag="040" ind1=" " ind2=" ">
         <subfield code="a">DE-633</subfield>
         <subfield code="c">DE-633</subfield>
         <subfield code="e">rismg</subfield>
      </datafield>
      <datafield tag="043" ind1=" " ind2=" ">
         <subfield code="c">XE-AU</subfield>
      </datafield>
      <datafield tag="110" ind1="1" ind2=" ">
         <subfield code="a">Caroline Simpson Library &amp; Research Collection</subfield>
         <subfield code="c">Sydney</subfield>
         <subfield code="g">AUS-Scsl</subfield>
      </datafield>
      <datafield tag="368" ind1=" " ind2=" ">
         <subfield code="a">Institution</subfield>
         <subfield code="a">Library</subfield>
      </datafield>
      <datafield tag="371" ind1=" " ind2=" ">
         <subfield code="a">The Mint, 10 Macquarie Street</subfield>
         <subfield code="b">Sydney NSW 2000</subfield>
         <subfield code="c">New South Wales</subfield>
         <subfield code="d">Australia</subfield>
         <subfield code="m">library@slm.com.au</subfield>
         <subfield code="u">https://sydneylivingmuseums.com.au/research-collections/library</subfield>
         <subfield code="z">tel: +61 / 02 / 8239 2233</subfield>
      </datafield>
      <datafield tag="551" ind1="1" ind2=" ">
         <subfield code="a">Sydney</subfield>
         <subfield code="0">places/3900946</subfield>
      </datafield>
   </record>